@Misc{wikipedia,
  key = 	 {Wiki},
  author = 	 {Wikipédia},
  title = 	 {7 colors},
  howpublished = {\url{https://en.wikipedia.org/wiki/7_Colors}},
  month = 	 {january},
  year = 	 {2017},
  note = 	 {},
  OPTannote = 	 {}
}




@Misc{Martin.Quinson,
  OPTkey = 	 {martin},
  OPTauthor = 	 {Martin Quinson},
  OPTtitle = 	 {Mémoire dynamique en C},
  OPThowpublished = {\url{http://people.irisa.fr/Martin.Quinson/Teaching/ArcSys/}},
  OPTmonth = 	 {},
  OPTyear = 	 {2017},
  OPTnote = 	 {Makefile, main...},
  OPTannote = 	 {}
}


