@Misc{schabanel,
  key = 	 {Schabanel03},
  author = 	 {Nicolas Schabanel},
  title = 	 {Algorithmes d’approximation et Algorithmes randomisés},
  howpublished = {\url{http://pauillac.inria.fr/~quercia/documents-info/Luminy-2003/schabanel/schabanel.pdf}},
  month = 	 {may},
  year = 	 {2003},
  note = 	 {Cours donné lors du Stage de Luminy 2003 à destination des enseignants d'informatique de CPGE},
  OPTannote = 	 {}
}


